@article{etschberger2001controller,
	title={Controller area network: basics, protocols, chips and applications},
	author={Etschberger, Konrad},
	year={2001},
	publisher={Ixxat press}
}

@article{pub2001197,
	title={197: Advanced encryption standard (AES)},
	author={Pub, NIST FIPS},
	journal={Federal Information Processing Standards Publication},
	volume={197},
	pages={441--0311},
	year={2001}
}


@book{wietzke2006automotive,
  title={Automotive Embedded Systeme: Effizfientes Framework-Vom Design zur Implementierung},
  author={Wietzke, Joachim and Tran, Manh Tien},
  year={2006},
  publisher={Springer-Verlag}
}

@book{viega2002network,
	title={Network Security with OpenSSL: Cryptography for Secure Communications},
	author={Viega, John and Messier, Matt and Chandra, Pravir},
	year={2002},
	publisher={" O'Reilly Media, Inc."}
}

@article{werners2007management,
	title={Management von IT-Risiken in Supply Chains},
	author={Werners, Brigitte and Klempt, Phillip},
	journal={Risikomanagement in Supply Chains--Gefahren abwehren, Chancen nutzen, Erfolg generieren, Berlin},
	year={2007}
}

@article{hanser2014autosar,
	title={Verschlüsselte Signalübertragung mit AUTORSAR in einem CAN-FD-Netzwerk},
	author={Armin Happel},
	journal={},
	year={2014}
}

@manual{canstandart2.0b,
	ALTauthor = {author},
	ALTeditor = {editor},
	title = {CAN Specification Version 2.0},
	date = {1991},
	OPTsubtitle = {subtitle},
	OPTtitleaddon = {titleaddon},
	OPTlanguage = {language},
	OPTedition = {edition},
	OPTtype = {type},
	OPTseries = {series},
	OPTnumber = {number},
	OPTversion = {version},
	OPTnote = {note},
	OPTorganization = {Robert Bosch GmbH},
	OPTpublisher = {publisher},
	OPTlocation = {location},
	OPTisbn = {isbn},
	OPTchapter = {chapter},
	OPTpages = {pages},
	OPTpagetotal = {pagetotal},
	OPTaddendum = {addendum},
	OPTpubstate = {pubstate},
	OPTdoi = {doi},
	OPTeprint = {eprint},
	OPTeprintclass = {eprintclass},
	OPTeprinttype = {eprinttype},
	OPTurl = {url},
	OPTurldate = {urldate},
}

